<?xml version="1.0" encoding="UTF-8"?><collection xmlns="http://www.loc.gov/MARC21/slim"><record><leader>00430nam--2200181-u-4500</leader><controlfield tag="001">000051018</controlfield><controlfield tag="002">20161230</controlfield><controlfield tag="005">20170302175723</controlfield><controlfield tag="008">080509s1000------------r-----000-0-eng-d</controlfield><datafield ind1=" " ind2=" " tag="040"><subfield code="a">IFIN-HH</subfield></datafield><datafield ind1=" " ind2=" " tag="080"><subfield code="a">512</subfield></datafield><datafield ind1="1" ind2=" " tag="100"><subfield code="a">Butzer, Paul L</subfield></datafield><datafield ind1="1" ind2="0" tag="245"><subfield code="a">Abstracts Spaces and Approximation</subfield></datafield><datafield ind1=" " ind2=" " tag="260"><subfield code="a">Basel</subfield><subfield code="c">1969</subfield></datafield><datafield ind1=" " ind2=" " tag="300"><subfield code="a">423 p</subfield></datafield><datafield ind1=" " ind2=" " tag="700"><subfield code="a">Sz¿kefalvi-Nagy, B©♭la</subfield></datafield><datafield ind1=" " ind2=" " tag="852"><subfield code="a">35847</subfield><subfield code="c">512</subfield></datafield><datafield ind1=" " ind2=" " tag="CAT"><subfield code="a">SYS</subfield><subfield code="c">20170302</subfield><subfield code="h">175723</subfield></datafield></record></collection>